@Article{citiBike,
  author       = {João Filipe Teixeira and Miguel Lopes},
  title        = {The link between bike sharing and subway use during the COVID-19 pandemic: The case-study of New York's Citi Bike},
  journal      = {Transportation Research Interdisciplinary Perspectives},
  year         = 2020,
  volume       = 6,
  pages        = {17-21},
  url          = {https://www.sciencedirect.com/science/article/pii/S2590198220300774#bb0085}
}

@Article{Dalton1,
  author       = {Dalton, Alistair},
  year         = {21 September 2020},
  title        = {Booming Just Eat Cycles expands from Edinburgh to Musselburgh as hires double},
  journal      = {The Scotsman},
  url          = {https://www.scotsman.com/news/transport/booming-just-eat-cycles-expands-edinburgh-musselburgh-hires-double-2977755},
  note         = {Retrieved on 14 March 2021}
}

@Article{Stephen1,
  author       = {Stephen, Phyllis},
  year         = {29 June 2020},
  title        = {Just Eat bikes – first half hour is free for two weeks from today},
  journal      = {The Edinburgh Reporter},
  url          = {https://theedinburghreporter.co.uk/2020/06/just-eat-bikes-first-half-hour-is-free-for-two-weeks-from-today/},
  note         = {Retrieved on 14 March 2021}
}

@Article{Stephen2,
  author       = {Stephen, Phyllis},
  year         = {10 May 2020},
  title        = {Just Eat Cycles have free passes for NHS staff},
  journal      = {The Edinburgh Reporter},
  url          = {https://theedinburghreporter.co.uk/2020/05/just-eat-cycles-have-free-passes-for-nhs-staff/},
  note         = {Retrieved on 14 March 2021}
}

@online{historicalData,
    author = "Just Eat Cycles",
    title = "Historical Data",
    url  = "https://edinburghcyclehire.com/open-data/historical",
    note = {Retrieved 6 March 2021 },
}

@Article{Hammett1,
  author       = {Hammett, Emma},
  year         = {15 May 2020},
  title        = {How long does Coronavirus survive on different surfaces?},
  journal      = {Nature},
  url          = {https://www.nature.com/articles/s41407-020-0313-1},
  note         = {Retrieved on 14 March 2021}
}

@Article{timeline,
  author       = {The Scottish Parliament Information Centre},
  title        = {Timeline of Coronavirus (COVID-19) in Scotland},
  url          = {https://spice-spotlight.scot/2021/03/05/timeline-of-coronavirus-covid-19-in-scotland/},
  note         = {Retrieved on 6 March 2021}
}
